<?xml version="1.0" encoding="UTF-8"?><record xmlns="http://www.loc.gov/MARC21/slim" xmlns:cinclude="http://apache.org/cocoon/include/1.0" xmlns:zs="http://www.loc.gov/zing/srw/">
  <leader>01621cz  a2200289n  4500</leader>
  <controlfield tag="001">n  79004027 </controlfield>
  <controlfield tag="003">DLC</controlfield>
  <controlfield tag="005">20150403075338.0</controlfield>
  <controlfield tag="008">790117n| azannaabn          |a aaa      </controlfield>
  <datafield tag="010" ind1=" " ind2=" ">
    <subfield code="a">n  79004027 </subfield>
  </datafield>
  <datafield tag="035" ind1=" " ind2=" ">
    <subfield code="a">(OCoLC)oca00238212</subfield>
  </datafield>
  <datafield tag="040" ind1=" " ind2=" ">
    <subfield code="a">DLC</subfield>
    <subfield code="b">eng</subfield>
    <subfield code="e">rda</subfield>
    <subfield code="c">DLC</subfield>
    <subfield code="d">OCoLC</subfield>
    <subfield code="d">DLC</subfield>
    <subfield code="d">OCoLC</subfield>
    <subfield code="d">UPB</subfield>
    <subfield code="d">DLC</subfield>
    <subfield code="d">PSt</subfield>
    <subfield code="d">DHU-MS</subfield>
    <subfield code="d">IEN</subfield>
  </datafield>
  <datafield tag="046" ind1=" " ind2=" ">
    <subfield code="f">18720627</subfield>
    <subfield code="g">19060209</subfield>
  </datafield>
  <datafield tag="053" ind1=" " ind2="0">
    <subfield code="a">PS1556</subfield>
    <subfield code="b">PS1557</subfield>
  </datafield>
  <datafield tag="100" ind1="1" ind2=" ">
    <subfield code="a">Dunbar, Paul Laurence,</subfield>
    <subfield code="d">1872-1906</subfield>
  </datafield>
  <datafield tag="370" ind1=" " ind2=" ">
    <subfield code="a">Dayton (Ohio)</subfield>
    <subfield code="b">Dayton (Ohio)</subfield>
    <subfield code="c">United States</subfield>
    <subfield code="2">naf</subfield>
  </datafield>
  <datafield tag="373" ind1=" " ind2=" ">
    <subfield code="a">Library of Congress</subfield>
    <subfield code="2">naf</subfield>
  </datafield>
  <datafield tag="374" ind1=" " ind2=" ">
    <subfield code="a">Poets</subfield>
    <subfield code="a">Novelists</subfield>
    <subfield code="a">Dramatists</subfield>
    <subfield code="2">lcsh</subfield>
  </datafield>
  <datafield tag="375" ind1=" " ind2=" ">
    <subfield code="a">male</subfield>
  </datafield>
  <datafield tag="377" ind1=" " ind2=" ">
    <subfield code="a">eng</subfield>
  </datafield>
  <datafield tag="400" ind1="1" ind2=" ">
    <subfield code="a">Dunbar, Paul Lawrence,</subfield>
    <subfield code="d">1872-1906</subfield>
  </datafield>
  <datafield tag="670" ind1=" " ind2=" ">
    <subfield code="a">His Poems, cabin and field, 1899:</subfield>
    <subfield code="b">t.p. (Paul Laurence Dunbar)</subfield>
  </datafield>
  <datafield tag="670" ind1=" " ind2=" ">
    <subfield code="a">Coleridge-Taylor, S. Candle lightin' time, c1911:</subfield>
    <subfield code="b">cover (Paul Laurance Dunbar)</subfield>
  </datafield>
  <datafield tag="670" ind1=" " ind2=" ">
    <subfield code="a">Wright, E.M. Songs of cabin and field, 1903:</subfield>
    <subfield code="b">t.p. (Paul Lawrence Dunbar)</subfield>
  </datafield>
  <datafield tag="670" ind1=" " ind2=" ">
    <subfield code="a">Paul Laurence Dunbar web site, 20 April 2011</subfield>
    <subfield code="b">(born 27 June 1872 in Dayton, Ohio; died 9 February 1906 in Dayton, Ohio)</subfield>
  </datafield>
  <datafield tag="670" ind1=" " ind2=" ">
    <subfield code="a">Wikipedia WWW site, April 4, 2013:</subfield>
    <subfield code="b">Paul Laurence Dunbar p. (Paul Laurence Dunbar (June 27, 1872-Feburary 9, 1906) was an African-American poet, novelist, and playwright)</subfield>
  </datafield>
  <datafield tag="670" ind1=" " ind2=" ">
    <subfield code="a">The Oxford Encyclopedia of American Literature, accessed via The Oxford African American Studies Center online database, July 27, 2014:</subfield>
    <subfield code="b">(Dunbar, Paul Laurence; fiction writer, poet; born 27 June 1872 in Dayton, Ohio, United States; settled in Washington, D.C. (1898), worked at the Library of Congress; died 09 February 1906 in Dayton, Ohio, United States)</subfield>
  </datafield>
</record>